\usepackage{url}

@article{shor,
  title={Polynomial-time algorithms for prime factorization and discrete logarithms on a quantum computer},
  author={Shor, Peter W},
  journal={SIAM review},
  volume={41},
  number={2},
  pages={303--332},
  year={1999},
  publisher={SIAM}
},

@article{ytRSA,
  title={Public Key Cryptography: RSA Encryption Algorithm},
  author={Cruise, Brit},
  year={2012},
  publisher={Art of the Problem}
}