\usepackage{url}

@article{ip,
  title={A Tutorials on Integer Programming},
  author={Cornu{\'e}jols, G{\'e}rard and Trick, M and Saltzman, Matthew J}
}

@article{Dijkstra,
  title={A note on Dijkstra's shortest path algorithm},
  author={Johnson, Donald B},
  journal={Journal of the ACM (JACM)},
  volume={20},
  number={3},
  pages={385--388},
  year={1973},
  publisher={ACM}
}

